% Bib-File fÃ¼r das Literaturverzeichnis
